% Bjørk, I.T & Breievne, G. (2011). Kropp og velvære. I Kristoffersen, N.J.,
% Nortvedt, F., Skaug, E-A. (red) Grunnleggende sykepleie: Bind 2. Oslo:
% Gyldendal Akademisk.
@book{bjork2011,
  author={Bjørk, I.T. and Breievne, G.},
  year={2011},
  title={Kropp og velvære},
  editor={Nina Jahren Kristoffersen and Finn Nortvedt and Eli-Anne Skaug},
  journal={Grunnleggende sykepleie},
  volume={2},
  address={Oslo},
  publisher={Gyldendal Akademisk},
  language={Norwegian},
}
